<?xml version="1.0" encoding="UTF-8"?>
  <record xmlns="http://www.loc.gov/MARC21/slim" type="Authority">
    <leader>00000nz  a2200000nc 4500</leader>
    <controlfield tag="001">11868194X</controlfield>
    <controlfield tag="003">DE-101</controlfield>
    <controlfield tag="005">20220604102413.0</controlfield>
    <controlfield tag="008">880701n||azznnaabn           | aaa    |c</controlfield>
    <datafield tag="024" ind1="7" ind2=" ">
      <subfield code="a">11868194X</subfield>
      <subfield code="0">http://d-nb.info/gnd/11868194X</subfield>
      <subfield code="2">gnd</subfield>
    </datafield>
    <datafield tag="035" ind1=" " ind2=" ">
      <subfield code="a">(DE-101)11868194X</subfield>
    </datafield>
    <datafield tag="035" ind1=" " ind2=" ">
      <subfield code="a">(DE-588)11868194X</subfield>
    </datafield>
    <datafield tag="035" ind1=" " ind2=" ">
      <subfield code="z">(DE-588)1158338260</subfield>
    </datafield>
    <datafield tag="035" ind1=" " ind2=" ">
      <subfield code="z">(DE-588)186623658</subfield>
    </datafield>
    <datafield tag="035" ind1=" " ind2=" ">
      <subfield code="z">(DE-588a)186623658</subfield>
      <subfield code="9">v:zg</subfield>
    </datafield>
    <datafield tag="035" ind1=" " ind2=" ">
      <subfield code="z">(DE-588)186511809</subfield>
    </datafield>
    <datafield tag="035" ind1=" " ind2=" ">
      <subfield code="z">(DE-588a)186511809</subfield>
      <subfield code="9">v:zg</subfield>
    </datafield>
    <datafield tag="035" ind1=" " ind2=" ">
      <subfield code="z">(DE-588)174128983</subfield>
    </datafield>
    <datafield tag="035" ind1=" " ind2=" ">
      <subfield code="z">(DE-588a)174128983</subfield>
      <subfield code="9">v:zg</subfield>
    </datafield>
    <datafield tag="035" ind1=" " ind2=" ">
      <subfield code="z">(DE-588)172061571</subfield>
    </datafield>
    <datafield tag="035" ind1=" " ind2=" ">
      <subfield code="z">(DE-588a)172061571</subfield>
      <subfield code="9">v:zg</subfield>
    </datafield>
    <datafield tag="035" ind1=" " ind2=" ">
      <subfield code="z">(DE-588)161059287</subfield>
    </datafield>
    <datafield tag="035" ind1=" " ind2=" ">
      <subfield code="z">(DE-588a)161059287</subfield>
      <subfield code="9">v:zg</subfield>
    </datafield>
    <datafield tag="035" ind1=" " ind2=" ">
      <subfield code="z">(DE-588a)11868194X</subfield>
      <subfield code="9">v:zg</subfield>
    </datafield>
    <datafield tag="035" ind1=" " ind2=" ">
      <subfield code="z">(DE-588a)119662299</subfield>
    </datafield>
    <datafield tag="035" ind1=" " ind2=" ">
      <subfield code="z">(DE-588c)4091457-4</subfield>
      <subfield code="9">v:zg</subfield>
    </datafield>
    <datafield tag="040" ind1=" " ind2=" ">
      <subfield code="a">DE-101</subfield>
      <subfield code="c">DE-101</subfield>
      <subfield code="9">r:DE-101</subfield>
      <subfield code="b">ger</subfield>
      <subfield code="d">1210</subfield>
    </datafield>
    <datafield tag="042" ind1=" " ind2=" ">
      <subfield code="a">gnd1</subfield>
    </datafield>
    <datafield tag="043" ind1=" " ind2=" ">
      <subfield code="c">XA-DE</subfield>
      <subfield code="c">XA-IT</subfield>
    </datafield>
    <datafield tag="065" ind1=" " ind2=" ">
      <subfield code="a">6.1p</subfield>
      <subfield code="2">sswd</subfield>
    </datafield>
    <datafield tag="065" ind1=" " ind2=" ">
      <subfield code="a">11.2p</subfield>
      <subfield code="2">sswd</subfield>
    </datafield>
    <datafield tag="065" ind1=" " ind2=" ">
      <subfield code="a">12.2p</subfield>
      <subfield code="2">sswd</subfield>
    </datafield>
    <datafield tag="075" ind1=" " ind2=" ">
      <subfield code="b">p</subfield>
      <subfield code="2">gndgen</subfield>
    </datafield>
    <datafield tag="075" ind1=" " ind2=" ">
      <subfield code="b">piz</subfield>
      <subfield code="2">gndspec</subfield>
    </datafield>
    <datafield tag="079" ind1=" " ind2=" ">
      <subfield code="a">g</subfield>
      <subfield code="q">a</subfield>
      <subfield code="q">f</subfield>
      <subfield code="q">s</subfield>
      <subfield code="q">z</subfield>
      <subfield code="u">v</subfield>
      <subfield code="u">k</subfield>
      <subfield code="u">w</subfield>
    </datafield>
    <datafield tag="100" ind1="0" ind2=" ">
      <subfield code="a">Eliyahu Baḥur</subfield>
      <subfield code="d">1469-1549</subfield>
    </datafield>
    <datafield tag="375" ind1=" " ind2=" ">
      <subfield code="a">1</subfield>
      <subfield code="2">iso5218</subfield>
    </datafield>
    <datafield tag="400" ind1="0" ind2=" ">
      <subfield code="a">Elijahu Bachur</subfield>
      <subfield code="d">1469-1549</subfield>
    </datafield>
    <datafield tag="400" ind1="0" ind2=" ">
      <subfield code="a">Elia Buchar</subfield>
      <subfield code="d">1469-1549</subfield>
    </datafield>
    <datafield tag="400" ind1="0" ind2=" ">
      <subfield code="a">Elia Buchur</subfield>
      <subfield code="d">1469-1549</subfield>
    </datafield>
    <datafield tag="400" ind1="0" ind2=" ">
      <subfield code="a">Ēliyyāhû Bāḥûr</subfield>
      <subfield code="d">1469-1549</subfield>
      <subfield code="9">v:DIN Stand 1982</subfield>
    </datafield>
    <datafield tag="400" ind1="0" ind2=" ">
      <subfield code="a">Ēlijjāhû Bāḥûr</subfield>
      <subfield code="d">1469-1549</subfield>
    </datafield>
    <datafield tag="400" ind1="0" ind2=" ">
      <subfield code="a">Eliyah Bahur</subfield>
      <subfield code="d">1469-1549</subfield>
    </datafield>
    <datafield tag="400" ind1="0" ind2=" ">
      <subfield code="a">Ēlijjā Bāḥûr</subfield>
      <subfield code="d">1469-1549</subfield>
    </datafield>
    <datafield tag="400" ind1="0" ind2=" ">
      <subfield code="a">Elye Bokher</subfield>
      <subfield code="d">1469-1549</subfield>
    </datafield>
    <datafield tag="400" ind1="0" ind2=" ">
      <subfield code="a">Elje Bocher</subfield>
      <subfield code="d">1469-1549</subfield>
    </datafield>
    <datafield tag="400" ind1="0" ind2=" ">
      <subfield code="a">Elia Bahur</subfield>
      <subfield code="d">1469-1549</subfield>
    </datafield>
    <datafield tag="400" ind1="0" ind2=" ">
      <subfield code="a">Ēliyyāhû Bahûr</subfield>
      <subfield code="d">1469-1549</subfield>
    </datafield>
    <datafield tag="400" ind1="0" ind2=" ">
      <subfield code="a">Ēliyyāhûr Bahûr</subfield>
      <subfield code="d">1469-1549</subfield>
    </datafield>
    <datafield tag="400" ind1="0" ind2=" ">
      <subfield code="a">Ēlijjā Bāḥūr Aškenazī</subfield>
      <subfield code="d">1469-1549</subfield>
    </datafield>
    <datafield tag="400" ind1="0" ind2=" ">
      <subfield code="a">Elija Bachur Levita</subfield>
      <subfield code="d">1469-1549</subfield>
    </datafield>
    <datafield tag="400" ind1="0" ind2=" ">
      <subfield code="a">Bāḥūr Aškenazī</subfield>
      <subfield code="c">Doctor</subfield>
      <subfield code="d">1469-1549</subfield>
    </datafield>
    <datafield tag="400" ind1="1" ind2=" ">
      <subfield code="a">Baḥur, Eliyah</subfield>
      <subfield code="d">1469-1549</subfield>
    </datafield>
    <datafield tag="400" ind1="1" ind2=" ">
      <subfield code="a">Bāḥûr, Ēliyyā</subfield>
      <subfield code="d">1469-1549</subfield>
    </datafield>
    <datafield tag="400" ind1="1" ind2=" ">
      <subfield code="a">Bāḥûr, Ēlijjā</subfield>
      <subfield code="d">1469-1549</subfield>
    </datafield>
    <datafield tag="400" ind1="1" ind2=" ">
      <subfield code="a">Baḥur, Elijah</subfield>
      <subfield code="d">1469-1549</subfield>
    </datafield>
    <datafield tag="400" ind1="1" ind2=" ">
      <subfield code="a">Bachur, Elias</subfield>
      <subfield code="d">1469-1549</subfield>
    </datafield>
    <datafield tag="400" ind1="1" ind2=" ">
      <subfield code="a">Bahur, Eliah</subfield>
      <subfield code="d">1469-1549</subfield>
    </datafield>
    <datafield tag="400" ind1="1" ind2=" ">
      <subfield code="a">Baḥur, Elia</subfield>
      <subfield code="d">1469-1549</subfield>
    </datafield>
    <datafield tag="400" ind1="1" ind2=" ">
      <subfield code="a">Baḥur, Elija</subfield>
      <subfield code="d">1469-1549</subfield>
    </datafield>
    <datafield tag="400" ind1="1" ind2=" ">
      <subfield code="a">Bojer, Elie</subfield>
      <subfield code="d">1469-1549</subfield>
    </datafield>
    <datafield tag="400" ind1="1" ind2=" ">
      <subfield code="a">Bokher, Elye</subfield>
      <subfield code="d">1469-1549</subfield>
      <subfield code="9">v:VW LCAuth</subfield>
    </datafield>
    <datafield tag="400" ind1="1" ind2=" ">
      <subfield code="a">Bocher, Elje</subfield>
      <subfield code="d">1469-1549</subfield>
    </datafield>
    <datafield tag="400" ind1="1" ind2=" ">
      <subfield code="a">Bakhur, Elia</subfield>
      <subfield code="d">1469-1549</subfield>
    </datafield>
    <datafield tag="400" ind1="1" ind2=" ">
      <subfield code="a">Baḥur, Eliy.</subfield>
      <subfield code="d">1469-1549</subfield>
      <subfield code="9">v:VW LCAuth</subfield>
    </datafield>
    <datafield tag="400" ind1="1" ind2=" ">
      <subfield code="a">Behr, Eliyā</subfield>
      <subfield code="d">1469-1549</subfield>
    </datafield>
    <datafield tag="400" ind1="1" ind2=" ">
      <subfield code="a">Baḥur, Eliyahu ben Asher ha-Levi Ashkenazi</subfield>
      <subfield code="d">1469-1549</subfield>
    </datafield>
    <datafield tag="400" ind1="1" ind2=" ">
      <subfield code="a">Baḥur, Eliyahu Ashkenazi</subfield>
      <subfield code="d">1469-1549</subfield>
    </datafield>
    <datafield tag="400" ind1="1" ind2=" ">
      <subfield code="a">Bāḥûr, Eliyyāhû Aškenazî</subfield>
      <subfield code="d">1469-1549</subfield>
    </datafield>
    <datafield tag="400" ind1="1" ind2=" ">
      <subfield code="a">Bāḥûr, Elijjāhû Aškenazî</subfield>
      <subfield code="d">1469-1549</subfield>
    </datafield>
    <datafield tag="400" ind1="1" ind2=" ">
      <subfield code="a">Bāḥûr, Eliyyāhû Aškenazzî</subfield>
      <subfield code="d">1469-1549</subfield>
    </datafield>
    <datafield tag="400" ind1="1" ind2=" ">
      <subfield code="a">Bahur Levita, Elie</subfield>
      <subfield code="d">1469-1549</subfield>
    </datafield>
    <datafield tag="400" ind1="0" ind2=" ">
      <subfield code="a">Eliyah</subfield>
      <subfield code="d">1469-1549</subfield>
    </datafield>
    <datafield tag="400" ind1="0" ind2=" ">
      <subfield code="a">Ēliyyā</subfield>
      <subfield code="d">1469-1549</subfield>
    </datafield>
    <datafield tag="400" ind1="0" ind2=" ">
      <subfield code="a">Ēlijjā</subfield>
      <subfield code="d">1469-1549</subfield>
    </datafield>
    <datafield tag="400" ind1="0" ind2=" ">
      <subfield code="a">Elias</subfield>
      <subfield code="d">1469-1549</subfield>
    </datafield>
    <datafield tag="400" ind1="0" ind2=" ">
      <subfield code="a">Elijah</subfield>
      <subfield code="c">BenAsher</subfield>
      <subfield code="d">1469-1549</subfield>
    </datafield>
    <datafield tag="400" ind1="0" ind2=" ">
      <subfield code="a">Eliyahu ben Asher</subfield>
      <subfield code="d">1469-1549</subfield>
    </datafield>
    <datafield tag="400" ind1="0" ind2=" ">
      <subfield code="a">Ēliyāhū Ben-Ašer</subfield>
      <subfield code="d">1469-1549</subfield>
    </datafield>
    <datafield tag="400" ind1="0" ind2=" ">
      <subfield code="a">Ēlijāhū Ben-Ašer</subfield>
      <subfield code="d">1469-1549</subfield>
    </datafield>
    <datafield tag="400" ind1="0" ind2=" ">
      <subfield code="a">Elijah Ben-Ascher</subfield>
      <subfield code="d">1469-1549</subfield>
    </datafield>
    <datafield tag="400" ind1="1" ind2=" ">
      <subfield code="a">Eliyah ben Asher, ha-Leṿi</subfield>
      <subfield code="d">1469-1549</subfield>
    </datafield>
    <datafield tag="400" ind1="1" ind2=" ">
      <subfield code="a">Eliyya ben-Ašer, hal-Lewi</subfield>
      <subfield code="d">1469-1549</subfield>
    </datafield>
    <datafield tag="400" ind1="1" ind2=" ">
      <subfield code="a">Elijja ben-Ašer, hal-Lewi</subfield>
      <subfield code="d">1469-1549</subfield>
    </datafield>
    <datafield tag="400" ind1="1" ind2=" ">
      <subfield code="a">Elijah ben Asher, hal-Lēvī</subfield>
      <subfield code="d">1469-1549</subfield>
      <subfield code="9">v:(VD-16)</subfield>
    </datafield>
    <datafield tag="400" ind1="1" ind2=" ">
      <subfield code="a">Ben Asher, Eliyah</subfield>
      <subfield code="d">1469-1549</subfield>
    </datafield>
    <datafield tag="400" ind1="1" ind2=" ">
      <subfield code="a">Ben-Ašer, Eliyyā</subfield>
      <subfield code="d">1469-1549</subfield>
    </datafield>
    <datafield tag="400" ind1="1" ind2=" ">
      <subfield code="a">Ben-Ašer, Elijjā</subfield>
      <subfield code="d">1469-1549</subfield>
    </datafield>
    <datafield tag="400" ind1="1" ind2=" ">
      <subfield code="a">BenAsher, Elijah</subfield>
      <subfield code="d">1469-1549</subfield>
    </datafield>
    <datafield tag="400" ind1="1" ind2=" ">
      <subfield code="a">Ben-Ascher, Elija</subfield>
      <subfield code="d">1469-1549</subfield>
    </datafield>
    <datafield tag="400" ind1="1" ind2=" ">
      <subfield code="a">Ben-Ascher Levi Aschkenazi, Elia</subfield>
      <subfield code="d">1469-1549</subfield>
    </datafield>
    <datafield tag="400" ind1="1" ind2=" ">
      <subfield code="a">Ben-Ascher Hallevi Aschkenasi, Eliahu</subfield>
      <subfield code="d">1469-1549</subfield>
    </datafield>
    <datafield tag="400" ind1="0" ind2=" ">
      <subfield code="a">Ēliyyāhû Ben-Āšēr hal-Lēwî</subfield>
      <subfield code="d">1469-1549</subfield>
    </datafield>
    <datafield tag="400" ind1="0" ind2=" ">
      <subfield code="a">Eliyahu ben Asher ha-Leṿi ha-Ashkenazi</subfield>
      <subfield code="d">1469-1549</subfield>
    </datafield>
    <datafield tag="400" ind1="0" ind2=" ">
      <subfield code="a">Ēlijjā Ben-Ašer hal-Lēwī hā-Aškenazī</subfield>
      <subfield code="d">1469-1549</subfield>
    </datafield>
    <datafield tag="400" ind1="0" ind2=" ">
      <subfield code="a">Ēlijjā Ben-Ašer hal-Lēwī ha-Aškenazī</subfield>
      <subfield code="d">1469-1549</subfield>
    </datafield>
    <datafield tag="400" ind1="0" ind2=" ">
      <subfield code="a">Ēlijjāhū Ben-Ašer hal-Lēwī ha-Aškenazī</subfield>
      <subfield code="d">1469-1549</subfield>
    </datafield>
    <datafield tag="400" ind1="0" ind2=" ">
      <subfield code="a">Elia ben Ascher ha-Levi Aschkenasi</subfield>
      <subfield code="d">1469-1549</subfield>
    </datafield>
    <datafield tag="400" ind1="0" ind2=" ">
      <subfield code="a">Elia Ben-Ascher Levi Aschkenazi</subfield>
      <subfield code="d">1469-1549</subfield>
    </datafield>
    <datafield tag="400" ind1="0" ind2=" ">
      <subfield code="a">Eliahu Ben-Ascher Hallevi Aschkenasi</subfield>
      <subfield code="d">1469-1549</subfield>
    </datafield>
    <datafield tag="400" ind1="0" ind2=" ">
      <subfield code="a">Eliahu ben Ašer Levi Aschkenasi</subfield>
      <subfield code="d">1469-1549</subfield>
    </datafield>
    <datafield tag="400" ind1="0" ind2=" ">
      <subfield code="a">Elijahu ben Ascher ha-Levi Aschkenasi</subfield>
      <subfield code="d">1469-1549</subfield>
    </datafield>
    <datafield tag="400" ind1="0" ind2=" ">
      <subfield code="a">Eliyyahu ben-Ašer Lewi Aškenazi</subfield>
      <subfield code="d">1469-1549</subfield>
    </datafield>
    <datafield tag="400" ind1="0" ind2=" ">
      <subfield code="a">Elijjahu ben-Ašer Lewi Aškenazi</subfield>
      <subfield code="d">1469-1549</subfield>
    </datafield>
    <datafield tag="400" ind1="0" ind2=" ">
      <subfield code="a">Eliyahu ben Asher Leṿi Ashkenazi</subfield>
      <subfield code="d">1469-1549</subfield>
    </datafield>
    <datafield tag="400" ind1="0" ind2=" ">
      <subfield code="a">Ēlijāhū Ben-Ašär hal-Lēwī Aškenazī</subfield>
      <subfield code="d">1469-1549</subfield>
    </datafield>
    <datafield tag="400" ind1="0" ind2=" ">
      <subfield code="a">Elija</subfield>
      <subfield code="c">Levita</subfield>
      <subfield code="d">1469-1549</subfield>
    </datafield>
    <datafield tag="400" ind1="0" ind2=" ">
      <subfield code="a">Elia</subfield>
      <subfield code="c">Levita</subfield>
      <subfield code="d">1469-1549</subfield>
      <subfield code="9">v:M</subfield>
    </datafield>
    <datafield tag="400" ind1="0" ind2=" ">
      <subfield code="a">Elijas</subfield>
      <subfield code="c">Levita</subfield>
      <subfield code="d">1469-1549</subfield>
    </datafield>
    <datafield tag="400" ind1="0" ind2=" ">
      <subfield code="a">Elijah Levita</subfield>
      <subfield code="d">1469-1549</subfield>
    </datafield>
    <datafield tag="400" ind1="0" ind2=" ">
      <subfield code="a">Élie Lévita</subfield>
      <subfield code="d">1469-1549</subfield>
      <subfield code="9">v:VW LCAuth</subfield>
    </datafield>
    <datafield tag="400" ind1="0" ind2=" ">
      <subfield code="a">Elias ben Levita</subfield>
      <subfield code="d">1469-1549</subfield>
    </datafield>
    <datafield tag="400" ind1="0" ind2=" ">
      <subfield code="a">Elijah ben Levita</subfield>
      <subfield code="d">1469-1549</subfield>
    </datafield>
    <datafield tag="400" ind1="0" ind2=" ">
      <subfield code="a">Elia Levita Germanus</subfield>
      <subfield code="d">1469-1549</subfield>
    </datafield>
    <datafield tag="400" ind1="0" ind2=" ">
      <subfield code="a">Levita</subfield>
      <subfield code="c">Germanus, Elia</subfield>
      <subfield code="d">1469-1549</subfield>
    </datafield>
    <datafield tag="400" ind1="1" ind2=" ">
      <subfield code="a">Levita, Elia</subfield>
      <subfield code="d">1469-1549</subfield>
      <subfield code="9">v:B 1986</subfield>
    </datafield>
    <datafield tag="400" ind1="1" ind2=" ">
      <subfield code="a">Levita, Elia B.</subfield>
      <subfield code="d">1469-1549</subfield>
    </datafield>
    <datafield tag="400" ind1="1" ind2=" ">
      <subfield code="a">Levita, Elia Bahur</subfield>
      <subfield code="d">1469-1549</subfield>
    </datafield>
    <datafield tag="400" ind1="1" ind2=" ">
      <subfield code="a">Levita, Elijah B.</subfield>
      <subfield code="d">1469-1549</subfield>
    </datafield>
    <datafield tag="400" ind1="1" ind2=" ">
      <subfield code="a">Levita, Elijjā</subfield>
      <subfield code="d">1469-1549</subfield>
    </datafield>
    <datafield tag="400" ind1="1" ind2=" ">
      <subfield code="a">Lévita, Ēliyyāhû B.</subfield>
      <subfield code="d">1469-1549</subfield>
    </datafield>
    <datafield tag="400" ind1="1" ind2=" ">
      <subfield code="a">Leṿita, Eliyahu</subfield>
      <subfield code="d">1469-1549</subfield>
    </datafield>
    <datafield tag="400" ind1="1" ind2=" ">
      <subfield code="a">Levita, Eliahu</subfield>
      <subfield code="d">1469-1549</subfield>
    </datafield>
    <datafield tag="400" ind1="1" ind2=" ">
      <subfield code="a">Levita, Elijahu</subfield>
      <subfield code="d">1469-1549</subfield>
    </datafield>
    <datafield tag="400" ind1="1" ind2=" ">
      <subfield code="a">Levita, Elia Germanus</subfield>
      <subfield code="d">1469-1549</subfield>
    </datafield>
    <datafield tag="400" ind1="1" ind2=" ">
      <subfield code="a">Levites, Elias</subfield>
      <subfield code="d">1469-1549</subfield>
    </datafield>
    <datafield tag="400" ind1="1" ind2=" ">
      <subfield code="a">Levita, Helias</subfield>
      <subfield code="d">1469-1549</subfield>
    </datafield>
    <datafield tag="400" ind1="1" ind2=" ">
      <subfield code="a">Levita Bachur, Elia</subfield>
      <subfield code="d">1469-1549</subfield>
    </datafield>
    <datafield tag="400" ind1="0" ind2=" ">
      <subfield code="a">Elijahu ha-Levi</subfield>
      <subfield code="d">1469-1549</subfield>
    </datafield>
    <datafield tag="400" ind1="0" ind2=" ">
      <subfield code="a">Ēlijjā Lēwī hab-Bāḥūr Aškenazī</subfield>
      <subfield code="d">1469-1549</subfield>
    </datafield>
    <datafield tag="400" ind1="0" ind2=" ">
      <subfield code="a">Ēliyyā hal-Lēwî</subfield>
      <subfield code="c">ham-Medaqdēq</subfield>
      <subfield code="d">1469-1549</subfield>
    </datafield>
    <datafield tag="400" ind1="0" ind2=" ">
      <subfield code="a">Eliyah ha-Leṿi</subfield>
      <subfield code="c">ha-Medaḳdeḳ</subfield>
      <subfield code="d">1469-1549</subfield>
    </datafield>
    <datafield tag="400" ind1="0" ind2=" ">
      <subfield code="a">Elijah Medakdek</subfield>
      <subfield code="d">1469-1549</subfield>
      <subfield code="9">v:VW LCAuth</subfield>
    </datafield>
    <datafield tag="400" ind1="0" ind2=" ">
      <subfield code="a">Eliyya Lewi Aškenazi</subfield>
      <subfield code="d">1469-1549</subfield>
    </datafield>
    <datafield tag="400" ind1="0" ind2=" ">
      <subfield code="a">Eliyah Leṿi Ashkenazi</subfield>
      <subfield code="d">1469-1549</subfield>
    </datafield>
    <datafield tag="400" ind1="0" ind2=" ">
      <subfield code="a">Ēlîyā Lēwwî Aškěnazî</subfield>
      <subfield code="d">1469-1549</subfield>
    </datafield>
    <datafield tag="400" ind1="0" ind2=" ">
      <subfield code="a">Eliyyāhu hal-Lēwî</subfield>
      <subfield code="c">hā-Aškenazî</subfield>
      <subfield code="d">1469-1549</subfield>
    </datafield>
    <datafield tag="400" ind1="0" ind2=" ">
      <subfield code="a">Ēlijjāhū hal-Lēwī ha-Aškenazī</subfield>
      <subfield code="d">1469-1549</subfield>
    </datafield>
    <datafield tag="400" ind1="0" ind2=" ">
      <subfield code="a">Ēliyyāhû hal-Levî ha-Āškenazzî</subfield>
      <subfield code="d">1469-1549</subfield>
    </datafield>
    <datafield tag="400" ind1="1" ind2=" ">
      <subfield code="a">Lewi Aškenazi, Eliyya</subfield>
      <subfield code="d">1469-1549</subfield>
    </datafield>
    <datafield tag="400" ind1="1" ind2=" ">
      <subfield code="a">Lewi Aškenazi, Elijja</subfield>
      <subfield code="d">1469-1549</subfield>
    </datafield>
    <datafield tag="400" ind1="1" ind2=" ">
      <subfield code="a">Leṿi Ashkenazi, Eliyah</subfield>
      <subfield code="d">1469-1549</subfield>
    </datafield>
    <datafield tag="400" ind1="1" ind2=" ">
      <subfield code="a">Levi Aschkenazi, Elia Ben-Ascher</subfield>
      <subfield code="d">1469-1549</subfield>
    </datafield>
    <datafield tag="400" ind1="1" ind2=" ">
      <subfield code="a">Lēwî Aškenāzi, Eliyyā</subfield>
      <subfield code="d">1469-1549</subfield>
    </datafield>
    <datafield tag="400" ind1="1" ind2=" ">
      <subfield code="a">Hallevi Aschkenasi, Eliahu Ben-Ascher</subfield>
      <subfield code="d">1469-1549</subfield>
    </datafield>
    <datafield tag="400" ind1="0" ind2=" ">
      <subfield code="a">Ēlijjāhū Aškenazī</subfield>
      <subfield code="d">1469-1549</subfield>
    </datafield>
    <datafield tag="400" ind1="0" ind2=" ">
      <subfield code="a">Eliyahu Ashkenazi</subfield>
      <subfield code="d">1469-1549</subfield>
    </datafield>
    <datafield tag="400" ind1="0" ind2=" ">
      <subfield code="a">Elia Aschkenazi</subfield>
      <subfield code="d">1469-1549</subfield>
    </datafield>
    <datafield tag="400" ind1="0" ind2=" ">
      <subfield code="a">Eliyahu ha-Ashkenazi</subfield>
      <subfield code="d">1469-1549</subfield>
    </datafield>
    <datafield tag="400" ind1="0" ind2=" ">
      <subfield code="a">Aškenazī</subfield>
      <subfield code="d">1469-1549</subfield>
    </datafield>
    <datafield tag="400" ind1="1" ind2=" ">
      <subfield code="a">Aschkenazi, Elia</subfield>
      <subfield code="d">1469-1549</subfield>
    </datafield>
    <datafield tag="400" ind1="1" ind2=" ">
      <subfield code="a">Aschkenazi, Elia Ben-Ascher Levi</subfield>
      <subfield code="d">1469-1549</subfield>
    </datafield>
    <datafield tag="400" ind1="1" ind2=" ">
      <subfield code="a">Aschkenasi, Eliahu Ben-Ascher Hallevi</subfield>
      <subfield code="d">1469-1549</subfield>
    </datafield>
    <datafield tag="400" ind1="1" ind2=" ">
      <subfield code="a">Aškenāzi, Eliyyā L</subfield>
      <subfield code="d">1469-1549</subfield>
    </datafield>
    <datafield tag="400" ind1="0" ind2=" ">
      <subfield code="a">Elias</subfield>
      <subfield code="c">Germanus</subfield>
      <subfield code="d">1469-1549</subfield>
    </datafield>
    <datafield tag="400" ind1="1" ind2=" ">
      <subfield code="a">Germanus, Elias</subfield>
      <subfield code="d">1469-1549</subfield>
    </datafield>
    <datafield tag="400" ind1="0" ind2=" ">
      <subfield code="a">Elias</subfield>
      <subfield code="c">Iudaeus</subfield>
      <subfield code="d">1469-1549</subfield>
    </datafield>
    <datafield tag="400" ind1="1" ind2=" ">
      <subfield code="a">Judaeus, Elias</subfield>
      <subfield code="d">1469-1549</subfield>
    </datafield>
    <datafield tag="400" ind1="0" ind2=" ">
      <subfield code="a">Helias</subfield>
      <subfield code="c">Levita</subfield>
      <subfield code="d">1469-1549</subfield>
    </datafield>
    <datafield tag="400" ind1="0" ind2=" ">
      <subfield code="a">Helias Levita</subfield>
      <subfield code="d">1469-1549</subfield>
    </datafield>
    <datafield tag="400" ind1="1" ind2=" ">
      <subfield code="a">Beher, Elie</subfield>
      <subfield code="d">1469-1549</subfield>
    </datafield>
    <datafield tag="400" ind1="1" ind2=" ">
      <subfield code="a">Bachur, Elia Levita</subfield>
      <subfield code="d">1469-1549</subfield>
    </datafield>
    <datafield tag="400" ind1="1" ind2=" ">
      <subfield code="a">Bahur Levita, Elia</subfield>
      <subfield code="d">1469-1549</subfield>
    </datafield>
    <datafield tag="400" ind1="0" ind2=" ">
      <subfield code="a">Elijah</subfield>
      <subfield code="c">Levita</subfield>
      <subfield code="d">1469-1549</subfield>
    </datafield>
    <datafield tag="400" ind1="0" ind2=" ">
      <subfield code="a">Elias</subfield>
      <subfield code="c">Levita</subfield>
      <subfield code="d">1469-1549</subfield>
    </datafield>
    <datafield tag="400" ind1="0" ind2=" ">
      <subfield code="a">Elias Levita</subfield>
      <subfield code="d">1469-1549</subfield>
    </datafield>
    <datafield tag="400" ind1="1" ind2=" ">
      <subfield code="a">hal-Lēvī, Elijah ben Asher</subfield>
      <subfield code="d">1469-1549</subfield>
    </datafield>
    <datafield tag="400" ind1="1" ind2=" ">
      <subfield code="a">Bahur, Elijah</subfield>
      <subfield code="d">1469-1549</subfield>
    </datafield>
    <datafield tag="400" ind1="0" ind2=" ">
      <subfield code="a">Ēlijjāh ben Āšēr Lēvī</subfield>
      <subfield code="d">1469-1549</subfield>
    </datafield>
    <datafield tag="400" ind1="0" ind2=" ">
      <subfield code="a">Elia ben Ascher</subfield>
      <subfield code="d">1469-1549</subfield>
    </datafield>
    <datafield tag="400" ind1="0" ind2=" ">
      <subfield code="a">Eliyyahu Baḥur</subfield>
      <subfield code="d">1469-1549</subfield>
    </datafield>
    <datafield tag="400" ind1="0" ind2=" ">
      <subfield code="a">ʾĒlijjāh Levita ben ʾĀšēr Lēvī ʾAškenāzī</subfield>
      <subfield code="d">1469-1549</subfield>
    </datafield>
    <datafield tag="400" ind1="1" ind2=" ">
      <subfield code="a">Bocher, Elie</subfield>
      <subfield code="d">1469-1549</subfield>
    </datafield>
    <datafield tag="400" ind1="0" ind2=" ">
      <subfield code="a">Elie Bocher</subfield>
      <subfield code="d">1469-1549</subfield>
    </datafield>
    <datafield tag="400" ind1="1" ind2=" ">
      <subfield code="a">Ashkenazi, Eliyahu ben Asher ha-Levi</subfield>
      <subfield code="d">1469-1549</subfield>
    </datafield>
    <datafield tag="400" ind1="1" ind2=" ">
      <subfield code="a">Ashkenazi, Elijah ben Asher ha-Levi</subfield>
      <subfield code="d">1469-1549</subfield>
    </datafield>
    <datafield tag="400" ind1="0" ind2=" ">
      <subfield code="a">Aschkenazi</subfield>
      <subfield code="d">1469-1549</subfield>
    </datafield>
    <datafield tag="400" ind1="1" ind2=" ">
      <subfield code="a">Bahur, Elias</subfield>
      <subfield code="d">1469-1549</subfield>
    </datafield>
    <datafield tag="400" ind1="0" ind2=" ">
      <subfield code="a">Elijah ben Ascher ha-Levi Ashkenazi</subfield>
      <subfield code="d">1469-1549</subfield>
    </datafield>
    <datafield tag="400" ind1="0" ind2=" ">
      <subfield code="a">Elie Beher</subfield>
      <subfield code="d">1469-1549</subfield>
    </datafield>
    <datafield tag="400" ind1="0" ind2=" ">
      <subfield code="a">Eliyyahu hat-tišbi</subfield>
      <subfield code="d">1469-1549</subfield>
    </datafield>
    <datafield tag="400" ind1="0" ind2=" ">
      <subfield code="a">Elia Bachur</subfield>
      <subfield code="d">1469-1549</subfield>
    </datafield>
    <datafield tag="400" ind1="1" ind2=" ">
      <subfield code="a">Levita, Eliyya</subfield>
      <subfield code="d">1469-1549</subfield>
    </datafield>
    <datafield tag="400" ind1="1" ind2=" ">
      <subfield code="a">Levita, Eliyah</subfield>
      <subfield code="d">1469-1549</subfield>
    </datafield>
    <datafield tag="400" ind1="0" ind2=" ">
      <subfield code="a">Eliyyahu ben Ašer hal-Lewi</subfield>
      <subfield code="d">1469-1549</subfield>
    </datafield>
    <datafield tag="400" ind1="0" ind2=" ">
      <subfield code="a">Elijah ben Asher Ashkenazi</subfield>
      <subfield code="c">ha-Levi</subfield>
      <subfield code="d">1469-1549</subfield>
    </datafield>
    <datafield tag="400" ind1="0" ind2=" ">
      <subfield code="a">Eliyahu</subfield>
      <subfield code="c">ha-Levi, ha-Ashkenazi</subfield>
      <subfield code="d">1469-1549</subfield>
    </datafield>
    <datafield tag="400" ind1="0" ind2=" ">
      <subfield code="a">Eliyya Levita</subfield>
      <subfield code="d">1469-1549</subfield>
    </datafield>
    <datafield tag="400" ind1="0" ind2=" ">
      <subfield code="a">Ēliyyā Bāḥûr</subfield>
      <subfield code="d">1469-1549</subfield>
    </datafield>
    <datafield tag="400" ind1="0" ind2=" ">
      <subfield code="a">Eliah Bahur</subfield>
      <subfield code="d">1469-1549</subfield>
    </datafield>
    <datafield tag="400" ind1="0" ind2=" ">
      <subfield code="a">Elija Bahur</subfield>
      <subfield code="d">1469-1549</subfield>
    </datafield>
    <datafield tag="400" ind1="0" ind2=" ">
      <subfield code="a">Eliah Levita</subfield>
      <subfield code="d">1469-1549</subfield>
    </datafield>
    <datafield tag="400" ind1="1" ind2=" ">
      <subfield code="a">Levita, Elias</subfield>
      <subfield code="d">1469-1549</subfield>
    </datafield>
    <datafield tag="400" ind1="0" ind2=" ">
      <subfield code="a">Elias</subfield>
      <subfield code="c">Judaeus</subfield>
      <subfield code="d">1469-1549</subfield>
    </datafield>
    <datafield tag="400" ind1="0" ind2=" ">
      <subfield code="a">Helias</subfield>
      <subfield code="d">1469-1549</subfield>
    </datafield>
    <datafield tag="400" ind1="0" ind2=" ">
      <subfield code="a">Elie Bojer</subfield>
      <subfield code="d">1469-1549</subfield>
    </datafield>
    <datafield tag="400" ind1="1" ind2=" ">
      <subfield code="a">Bachor, Elias</subfield>
      <subfield code="d">1469-1549</subfield>
    </datafield>
    <datafield tag="400" ind1="1" ind2=" ">
      <subfield code="a">Bachur, Elia</subfield>
      <subfield code="d">1469-1549</subfield>
    </datafield>
    <datafield tag="400" ind1="0" ind2=" ">
      <subfield code="a">Elia Levita</subfield>
      <subfield code="d">1469-1549</subfield>
    </datafield>
    <datafield tag="400" ind1="1" ind2=" ">
      <subfield code="a">Tischbi, Elia</subfield>
      <subfield code="d">1469-1549</subfield>
    </datafield>
    <datafield tag="400" ind1="0" ind2=" ">
      <subfield code="a">Elijja Levita Aschkenasi</subfield>
      <subfield code="d">1469-1549</subfield>
    </datafield>
    <datafield tag="400" ind1="1" ind2=" ">
      <subfield code="a">Levita, Elijah</subfield>
      <subfield code="d">1469-1549</subfield>
      <subfield code="9">v:JewishEnc</subfield>
    </datafield>
    <datafield tag="400" ind1="0" ind2=" ">
      <subfield code="a">Elia ben Ascher halewi</subfield>
      <subfield code="d">1469-1549</subfield>
    </datafield>
    <datafield tag="400" ind1="0" ind2=" ">
      <subfield code="a">hal-Lēwî</subfield>
      <subfield code="d">1469-1549</subfield>
    </datafield>
    <datafield tag="400" ind1="0" ind2=" ">
      <subfield code="a">Elia Tischbi</subfield>
      <subfield code="d">1469-1549</subfield>
    </datafield>
    <datafield tag="400" ind1="1" ind2=" ">
      <subfield code="a">Bāḥûr, Eliyyāhû Aškenāzî</subfield>
      <subfield code="d">1469-1549</subfield>
    </datafield>
    <datafield tag="400" ind1="0" ind2=" ">
      <subfield code="a">Ēliyyā Ben-Ašer hal-Lēwî</subfield>
      <subfield code="d">1469-1549</subfield>
    </datafield>
    <datafield tag="400" ind1="0" ind2=" ">
      <subfield code="a">Elîhû hal-Lēwî</subfield>
      <subfield code="c">Aškenāzî</subfield>
      <subfield code="d">1469-1549</subfield>
    </datafield>
    <datafield tag="400" ind1="0" ind2=" ">
      <subfield code="a">Ēliyyā Tišbî</subfield>
      <subfield code="d">1469-1549</subfield>
    </datafield>
    <datafield tag="400" ind1="1" ind2=" ">
      <subfield code="a">Levita, Elijah</subfield>
      <subfield code="d">1469-1549</subfield>
    </datafield>
    <datafield tag="400" ind1="0" ind2=" ">
      <subfield code="9">U:Hebr</subfield>
      <subfield code="a">אליהו</subfield>
      <subfield code="d">1469-1549</subfield>
    </datafield>
    <datafield tag="400" ind1="0" ind2=" ">
      <subfield code="9">U:Hebr</subfield>
      <subfield code="a">אליהו</subfield>
      <subfield code="c">התשבי</subfield>
      <subfield code="d">1469-1549</subfield>
    </datafield>
    <datafield tag="400" ind1="0" ind2=" ">
      <subfield code="9">U:Hebr</subfield>
      <subfield code="a">אליהו האשכנזי</subfield>
      <subfield code="c">הלוי</subfield>
      <subfield code="d">1469-1549</subfield>
    </datafield>
    <datafield tag="400" ind1="0" ind2=" ">
      <subfield code="9">U:Hebr</subfield>
      <subfield code="a">אליהו בחור</subfield>
      <subfield code="c">הלוי אשכנזי</subfield>
      <subfield code="d">1469-1549</subfield>
    </datafield>
    <datafield tag="400" ind1="0" ind2=" ">
      <subfield code="9">U:Hebr</subfield>
      <subfield code="a">אליע בחור</subfield>
      <subfield code="d">1469-1549</subfield>
    </datafield>
    <datafield tag="400" ind1="0" ind2=" ">
      <subfield code="9">U:Hebr</subfield>
      <subfield code="a">אליהו בן אשר</subfield>
      <subfield code="c">הלוי אשכנזי</subfield>
      <subfield code="d">1469-1549</subfield>
    </datafield>
    <datafield tag="400" ind1="0" ind2=" ">
      <subfield code="9">U:Hebr</subfield>
      <subfield code="a">אליהו הלוי</subfield>
      <subfield code="d">1469-1549</subfield>
    </datafield>
    <datafield tag="400" ind1="0" ind2=" ">
      <subfield code="9">U:Hebr</subfield>
      <subfield code="a">אליהו הלוי</subfield>
      <subfield code="c">האשכנזי</subfield>
      <subfield code="d">1469-1549</subfield>
    </datafield>
    <datafield tag="400" ind1="0" ind2=" ">
      <subfield code="9">U:Hebr</subfield>
      <subfield code="a">אליה הלוי אשכנזי</subfield>
      <subfield code="d">1469-1549</subfield>
    </datafield>
    <datafield tag="400" ind1="0" ind2=" ">
      <subfield code="9">U:Hebr</subfield>
      <subfield code="a">אליהו הלוי אשכנזי</subfield>
      <subfield code="d">1469-1549</subfield>
    </datafield>
    <datafield tag="400" ind1="0" ind2=" ">
      <subfield code="9">U:Hebr</subfield>
      <subfield code="a">אליה הלוי אשכנזי בחור</subfield>
      <subfield code="d">1469-1549</subfield>
    </datafield>
    <datafield tag="400" ind1="0" ind2=" ">
      <subfield code="9">U:Hebr</subfield>
      <subfield code="a">אליה לוי הבחור</subfield>
      <subfield code="d">1469-1549</subfield>
    </datafield>
    <datafield tag="400" ind1="1" ind2=" ">
      <subfield code="9">U:Hebr</subfield>
      <subfield code="a">בחור, אליʹ</subfield>
      <subfield code="d">1469-1549</subfield>
    </datafield>
    <datafield tag="400" ind1="1" ind2=" ">
      <subfield code="9">U:Hebr</subfield>
      <subfield code="a">בחור, אליהו</subfield>
      <subfield code="d">1469-1549</subfield>
    </datafield>
    <datafield tag="400" ind1="1" ind2=" ">
      <subfield code="9">U:Hebr</subfield>
      <subfield code="a">אשכנזי, אליה</subfield>
      <subfield code="d">1469-1549</subfield>
    </datafield>
    <datafield tag="400" ind1="1" ind2=" ">
      <subfield code="9">U:Hebr</subfield>
      <subfield code="a">אשכנזי, אליהו</subfield>
      <subfield code="c">הלוי</subfield>
      <subfield code="d">1469-1549</subfield>
    </datafield>
    <datafield tag="400" ind1="1" ind2=" ">
      <subfield code="9">U:Hebr</subfield>
      <subfield code="a">אשכנזי, אליהו בן אשר</subfield>
      <subfield code="c">הלוי</subfield>
      <subfield code="d">1469-1549</subfield>
    </datafield>
    <datafield tag="400" ind1="1" ind2=" ">
      <subfield code="9">U:Hebr</subfield>
      <subfield code="a">אשכנזי, אליהו בן אשר הלוי</subfield>
      <subfield code="d">1469-1549</subfield>
    </datafield>
    <datafield tag="400" ind1="1" ind2=" ">
      <subfield code="9">U:Hebr</subfield>
      <subfield code="a">אשכנזי, אליהו</subfield>
      <subfield code="d">1469-1549</subfield>
    </datafield>
    <datafield tag="400" ind1="1" ind2=" ">
      <subfield code="9">U:Hebr</subfield>
      <subfield code="a">לוי, אליה</subfield>
      <subfield code="d">1469-1549</subfield>
    </datafield>
    <datafield tag="400" ind1="1" ind2=" ">
      <subfield code="9">U:Hebr</subfield>
      <subfield code="a">לוי, אליהו בʺר אשר</subfield>
      <subfield code="d">1469-1549</subfield>
    </datafield>
    <datafield tag="400" ind1="1" ind2=" ">
      <subfield code="9">U:Hebr</subfield>
      <subfield code="a">הלוי, אליהו בן אשר</subfield>
      <subfield code="d">1469-1549</subfield>
    </datafield>
    <datafield tag="400" ind1="1" ind2=" ">
      <subfield code="9">U:Hebr</subfield>
      <subfield code="a">לויתא, אליהו</subfield>
      <subfield code="d">1469-1549</subfield>
    </datafield>
    <datafield tag="400" ind1="1" ind2=" ">
      <subfield code="9">U:Hebr</subfield>
      <subfield code="a">לעוויטא, אליהוא</subfield>
      <subfield code="d">1469-1549</subfield>
    </datafield>
    <datafield tag="400" ind1="0" ind2=" ">
      <subfield code="9">U:Hebr</subfield>
      <subfield code="a">אליהו התשבי</subfield>
      <subfield code="d">1469-1549</subfield>
    </datafield>
    <datafield tag="400" ind1="1" ind2=" ">
      <subfield code="9">U:Hebr</subfield>
      <subfield code="a">לויטא, אליה</subfield>
      <subfield code="d">1469-1549</subfield>
    </datafield>
    <datafield tag="400" ind1="0" ind2=" ">
      <subfield code="9">U:Hebr</subfield>
      <subfield code="a">אליהו</subfield>
      <subfield code="c">הלוי, האשכנזי</subfield>
      <subfield code="d">1469-1549</subfield>
    </datafield>
    <datafield tag="500" ind1="0" ind2=" ">
      <subfield code="a">David ben Joseph Kimḥi</subfield>
      <subfield code="4">beza</subfield>
      <subfield code="4">https://d-nb.info/standards/elementset/gnd#acquaintanceshipOrFriendship</subfield>
      <subfield code="w">r</subfield>
      <subfield code="i">Bekanntschaft</subfield>
      <subfield code="e">Bekanntschaft</subfield>
      <subfield code="9">v:VD-16 Mitverf.</subfield>
    </datafield>
    <datafield tag="500" ind1="1" ind2=" ">
      <subfield code="0">(DE-101)118685767</subfield>
      <subfield code="0">(DE-588)118685767</subfield>
      <subfield code="0">https://d-nb.info/gnd/118685767</subfield>
      <subfield code="a">Fagius, Paul</subfield>
      <subfield code="d">1504-1549</subfield>
      <subfield code="4">beza</subfield>
      <subfield code="4">https://d-nb.info/standards/elementset/gnd#acquaintanceshipOrFriendship</subfield>
      <subfield code="w">r</subfield>
      <subfield code="i">Bekanntschaft</subfield>
      <subfield code="e">Bekanntschaft</subfield>
      <subfield code="9">v:VD-16 Mitverf.</subfield>
    </datafield>
    <datafield tag="500" ind1="1" ind2=" ">
      <subfield code="0">(DE-101)118585517</subfield>
      <subfield code="0">(DE-588)118585517</subfield>
      <subfield code="0">https://d-nb.info/gnd/118585517</subfield>
      <subfield code="a">Münster, Sebastian</subfield>
      <subfield code="d">1488-1552</subfield>
      <subfield code="4">beza</subfield>
      <subfield code="4">https://d-nb.info/standards/elementset/gnd#acquaintanceshipOrFriendship</subfield>
      <subfield code="w">r</subfield>
      <subfield code="i">Bekanntschaft</subfield>
      <subfield code="e">Bekanntschaft</subfield>
      <subfield code="9">v:VD-16 Mitverf.</subfield>
    </datafield>
    <datafield tag="500" ind1="0" ind2=" ">
      <subfield code="a">Moses ben Joseph Ḳimḥi</subfield>
      <subfield code="4">beza</subfield>
      <subfield code="4">https://d-nb.info/standards/elementset/gnd#acquaintanceshipOrFriendship</subfield>
      <subfield code="w">r</subfield>
      <subfield code="i">Bekanntschaft</subfield>
      <subfield code="e">Bekanntschaft</subfield>
      <subfield code="9">v:VD-16 Mitverf.</subfield>
    </datafield>
    <datafield tag="500" ind1="1" ind2=" ">
      <subfield code="0">(DE-101)119719320</subfield>
      <subfield code="0">(DE-588)119719320</subfield>
      <subfield code="0">https://d-nb.info/gnd/119719320</subfield>
      <subfield code="a">Isaac, Johannes</subfield>
      <subfield code="4">beza</subfield>
      <subfield code="4">https://d-nb.info/standards/elementset/gnd#acquaintanceshipOrFriendship</subfield>
      <subfield code="w">r</subfield>
      <subfield code="i">Bekanntschaft</subfield>
      <subfield code="e">Bekanntschaft</subfield>
      <subfield code="9">v:VD-16 Mitverf.</subfield>
    </datafield>
    <datafield tag="500" ind1="1" ind2=" ">
      <subfield code="0">(DE-101)119857200</subfield>
      <subfield code="0">(DE-588)119857200</subfield>
      <subfield code="0">https://d-nb.info/gnd/119857200</subfield>
      <subfield code="a">Velocianus, Jacobus</subfield>
      <subfield code="4">beza</subfield>
      <subfield code="4">https://d-nb.info/standards/elementset/gnd#acquaintanceshipOrFriendship</subfield>
      <subfield code="w">r</subfield>
      <subfield code="i">Bekanntschaft</subfield>
      <subfield code="e">Bekanntschaft</subfield>
      <subfield code="9">v:VD-16 Mitverf.</subfield>
    </datafield>
    <datafield tag="500" ind1="1" ind2=" ">
      <subfield code="0">(DE-101)119858428</subfield>
      <subfield code="0">(DE-588)119858428</subfield>
      <subfield code="0">https://d-nb.info/gnd/119858428</subfield>
      <subfield code="a">Vögelin, Georg</subfield>
      <subfield code="4">beza</subfield>
      <subfield code="4">https://d-nb.info/standards/elementset/gnd#acquaintanceshipOrFriendship</subfield>
      <subfield code="w">r</subfield>
      <subfield code="i">Bekanntschaft</subfield>
      <subfield code="e">Bekanntschaft</subfield>
      <subfield code="9">v:VD-16 Mitverf.</subfield>
    </datafield>
    <datafield tag="500" ind1="1" ind2=" ">
      <subfield code="0">(DE-101)102460531</subfield>
      <subfield code="0">(DE-588)102460531</subfield>
      <subfield code="0">https://d-nb.info/gnd/102460531</subfield>
      <subfield code="a">Cratander, Andreas</subfield>
      <subfield code="d">1485-1540</subfield>
      <subfield code="4">beza</subfield>
      <subfield code="4">https://d-nb.info/standards/elementset/gnd#acquaintanceshipOrFriendship</subfield>
      <subfield code="w">r</subfield>
      <subfield code="i">Bekanntschaft</subfield>
      <subfield code="e">Bekanntschaft</subfield>
      <subfield code="9">v:VD-16 Mitverf.</subfield>
    </datafield>
    <datafield tag="500" ind1="1" ind2=" ">
      <subfield code="0">(DE-101)119662248</subfield>
      <subfield code="0">(DE-588)119662248</subfield>
      <subfield code="0">https://d-nb.info/gnd/119662248</subfield>
      <subfield code="a">Eliano, Giovanni Battista</subfield>
      <subfield code="d">1530-1589</subfield>
      <subfield code="4">bezf</subfield>
      <subfield code="4">https://d-nb.info/standards/elementset/gnd#familialRelationship</subfield>
      <subfield code="w">r</subfield>
      <subfield code="i">Beziehung familiaer</subfield>
      <subfield code="e">Beziehung familiaer</subfield>
      <subfield code="9">v:Enkel</subfield>
    </datafield>
    <datafield tag="548" ind1=" " ind2=" ">
      <subfield code="a">1469-1549</subfield>
      <subfield code="4">datl</subfield>
      <subfield code="4">https://d-nb.info/standards/elementset/gnd#dateOfBirthAndDeath</subfield>
      <subfield code="w">r</subfield>
      <subfield code="i">Lebensdaten</subfield>
      <subfield code="9">v:1468/1469-1549; anderslt. Geburtsjahr: 1472</subfield>
    </datafield>
    <datafield tag="550" ind1=" " ind2=" ">
      <subfield code="0">(DE-101)94798626X</subfield>
      <subfield code="0">(DE-588)4415844-0</subfield>
      <subfield code="0">https://d-nb.info/gnd/4415844-0</subfield>
      <subfield code="a">Orientalist</subfield>
      <subfield code="4">berc</subfield>
      <subfield code="4">https://d-nb.info/standards/elementset/gnd#professionOrOccupation</subfield>
      <subfield code="w">r</subfield>
      <subfield code="i">Charakteristischer Beruf</subfield>
    </datafield>
    <datafield tag="550" ind1=" " ind2=" ">
      <subfield code="0">(DE-101)041580168</subfield>
      <subfield code="0">(DE-588)4158016-3</subfield>
      <subfield code="0">https://d-nb.info/gnd/4158016-3</subfield>
      <subfield code="a">Grammatiker</subfield>
      <subfield code="4">beru</subfield>
      <subfield code="4">https://d-nb.info/standards/elementset/gnd#professionOrOccupation</subfield>
      <subfield code="w">r</subfield>
      <subfield code="i">Beruf</subfield>
    </datafield>
    <datafield tag="550" ind1=" " ind2=" ">
      <subfield code="0">(DE-101)040533093</subfield>
      <subfield code="0">(DE-588)4053309-8</subfield>
      <subfield code="0">https://d-nb.info/gnd/4053309-8</subfield>
      <subfield code="a">Schriftsteller</subfield>
      <subfield code="4">beru</subfield>
      <subfield code="4">https://d-nb.info/standards/elementset/gnd#professionOrOccupation</subfield>
      <subfield code="w">r</subfield>
      <subfield code="i">Beruf</subfield>
    </datafield>
    <datafield tag="550" ind1=" " ind2=" ">
      <subfield code="0">(DE-101)041607775</subfield>
      <subfield code="0">(DE-588)4160777-6</subfield>
      <subfield code="0">https://d-nb.info/gnd/4160777-6</subfield>
      <subfield code="a">Humanist</subfield>
      <subfield code="4">rela</subfield>
      <subfield code="4">https://d-nb.info/standards/elementset/gnd#relatedSubjecHeading</subfield>
      <subfield code="w">r</subfield>
      <subfield code="i">Relation allgemein</subfield>
    </datafield>
    <datafield tag="551" ind1=" " ind2=" ">
      <subfield code="0">(DE-101)042204283</subfield>
      <subfield code="0">(DE-588)4220428-8</subfield>
      <subfield code="0">https://d-nb.info/gnd/4220428-8</subfield>
      <subfield code="a">Ipsheim</subfield>
      <subfield code="4">ortg</subfield>
      <subfield code="4">https://d-nb.info/standards/elementset/gnd#placeOfBirth</subfield>
      <subfield code="w">r</subfield>
      <subfield code="i">Geburtsort</subfield>
      <subfield code="9">v:oder Neustadt a.d.Aisch</subfield>
    </datafield>
    <datafield tag="551" ind1=" " ind2=" ">
      <subfield code="0">(DE-101)04062501X</subfield>
      <subfield code="0">(DE-588)4062501-1</subfield>
      <subfield code="0">https://d-nb.info/gnd/4062501-1</subfield>
      <subfield code="a">Venedig</subfield>
      <subfield code="4">orts</subfield>
      <subfield code="4">https://d-nb.info/standards/elementset/gnd#placeOfDeath</subfield>
      <subfield code="w">r</subfield>
      <subfield code="i">Sterbeort</subfield>
    </datafield>
    <datafield tag="551" ind1=" " ind2=" ">
      <subfield code="0">(DE-101)040442950</subfield>
      <subfield code="0">(DE-588)4044295-0</subfield>
      <subfield code="0">https://d-nb.info/gnd/4044295-0</subfield>
      <subfield code="a">Padua</subfield>
      <subfield code="4">ortw</subfield>
      <subfield code="4">https://d-nb.info/standards/elementset/gnd#placeOfActivity</subfield>
      <subfield code="w">r</subfield>
      <subfield code="i">Wirkungsort</subfield>
    </datafield>
    <datafield tag="551" ind1=" " ind2=" ">
      <subfield code="0">(DE-101)040504719</subfield>
      <subfield code="0">(DE-588)4050471-2</subfield>
      <subfield code="0">https://d-nb.info/gnd/4050471-2</subfield>
      <subfield code="a">Rom</subfield>
      <subfield code="4">ortw</subfield>
      <subfield code="4">https://d-nb.info/standards/elementset/gnd#placeOfActivity</subfield>
      <subfield code="w">r</subfield>
      <subfield code="i">Wirkungsort</subfield>
    </datafield>
    <datafield tag="551" ind1=" " ind2=" ">
      <subfield code="0">(DE-101)04062501X</subfield>
      <subfield code="0">(DE-588)4062501-1</subfield>
      <subfield code="0">https://d-nb.info/gnd/4062501-1</subfield>
      <subfield code="a">Venedig</subfield>
      <subfield code="4">ortw</subfield>
      <subfield code="4">https://d-nb.info/standards/elementset/gnd#placeOfActivity</subfield>
      <subfield code="w">r</subfield>
      <subfield code="i">Wirkungsort</subfield>
    </datafield>
    <datafield tag="667" ind1=" " ind2=" ">
      <subfield code="a">12</subfield>
    </datafield>
    <datafield tag="667" ind1=" " ind2=" ">
      <subfield code="a">384</subfield>
    </datafield>
    <datafield tag="667" ind1=" " ind2=" ">
      <subfield code="a">7</subfield>
    </datafield>
    <datafield tag="667" ind1=" " ind2=" ">
      <subfield code="a">VD-17</subfield>
    </datafield>
    <datafield tag="667" ind1=" " ind2=" ">
      <subfield code="a">VD-16</subfield>
    </datafield>
    <datafield tag="667" ind1=" " ind2=" ">
      <subfield code="a">Translit. n. KIDS</subfield>
    </datafield>
    <datafield tag="670" ind1=" " ind2=" ">
      <subfield code="a">LMA,V,1925</subfield>
    </datafield>
    <datafield tag="670" ind1=" " ind2=" ">
      <subfield code="a">Enc. Judaica</subfield>
    </datafield>
    <datafield tag="670" ind1=" " ind2=" ">
      <subfield code="a">NDB/ADB</subfield>
      <subfield code="u">https://www.deutsche-biographie.de/gnd11868194X.html#ndbcontent</subfield>
    </datafield>
    <datafield tag="670" ind1=" " ind2=" ">
      <subfield code="a">Wikipedia</subfield>
      <subfield code="u">https://de.wikipedia.org/wiki/Elijah_Levita</subfield>
    </datafield>
    <datafield tag="672" ind1=" " ind2="0">
      <subfield code="a">Sēfer Massōret ham-Massōret</subfield>
      <subfield code="f">1537</subfield>
    </datafield>
    <datafield tag="672" ind1=" " ind2="0">
      <subfield code="a">Sēfer ṭôv ṭaʿam</subfield>
      <subfield code="f">1538</subfield>
    </datafield>
    <datafield tag="672" ind1=" " ind2="0">
      <subfield code="a">Sēfer māsôret ham-māsôret</subfield>
      <subfield code="f">1538</subfield>
    </datafield>
    <datafield tag="672" ind1=" " ind2="0">
      <subfield code="a">Pirqê Ēliyyāhû</subfield>
      <subfield code="f">1520</subfield>
    </datafield>
    <datafield tag="672" ind1=" " ind2="0">
      <subfield code="a">Sēfer ṭôv ṭaʿam</subfield>
      <subfield code="f">1539</subfield>
    </datafield>
    <datafield tag="672" ind1=" " ind2="0">
      <subfield code="a">Baba-Buch</subfield>
      <subfield code="f">1539</subfield>
    </datafield>
    <datafield tag="672" ind1=" " ind2="0">
      <subfield code="a">Baba-Buch</subfield>
      <subfield code="f">5421</subfield>
    </datafield>
    <datafield tag="672" ind1=" " ind2="0">
      <subfield code="a">Capitula Cantici</subfield>
      <subfield code="f">1527</subfield>
    </datafield>
    <datafield tag="672" ind1=" " ind2="0">
      <subfield code="a">Capitula Eliae</subfield>
      <subfield code="f">5306</subfield>
    </datafield>
    <datafield tag="672" ind1=" " ind2="0">
      <subfield code="a">Capitula Eliae</subfield>
      <subfield code="f">1788</subfield>
    </datafield>
    <datafield tag="672" ind1=" " ind2="0">
      <subfield code="a">Bobe Maʿaśe</subfield>
      <subfield code="f">1824</subfield>
    </datafield>
    <datafield tag="672" ind1=" " ind2="0">
      <subfield code="a">Elia Levita Germanus: Ex variis Libellis ... congestum</subfield>
      <subfield code="f">1539</subfield>
    </datafield>
    <datafield tag="672" ind1=" " ind2="0">
      <subfield code="a">Elia Levita Germanus: Meleket had-Diqdūq haš-šalēm</subfield>
      <subfield code="f">1542</subfield>
    </datafield>
    <datafield tag="672" ind1=" " ind2="0">
      <subfield code="a">Elia Levita Germanus: Sēfer hat- Tišbī</subfield>
      <subfield code="f">1541</subfield>
    </datafield>
    <datafield tag="672" ind1=" " ind2="0">
      <subfield code="a">Sēfer Diqdūq</subfield>
      <subfield code="f">1767</subfield>
    </datafield>
    <datafield tag="672" ind1=" " ind2="0">
      <subfield code="a">Qimḥī, Dāwīd: Sēfer Māklūl</subfield>
      <subfield code="f">1922</subfield>
    </datafield>
    <datafield tag="672" ind1=" " ind2="0">
      <subfield code="a">Qimḥî, Dāwid: Sēfer haš-Šorāšīm le-Rabbī Dāwīd ben Jōsēf Qimḥī has-Sefa*</subfield>
      <subfield code="f">1847</subfield>
    </datafield>
    <datafield tag="672" ind1=" " ind2="0">
      <subfield code="a">Qimḥî, Dāwid: Sēfer haš-Šorāšîm</subfield>
      <subfield code="f">1546</subfield>
    </datafield>
    <datafield tag="672" ind1=" " ind2="0">
      <subfield code="a">\=H LEXICON CHALDAICVM AVTHORE ELIIA LEVITA, QVO NVLLVM HACTENVS A QVOQVAM ABSOlutius ... 1541. (VD16 E 1005)</subfield>
    </datafield>
    <datafield tag="672" ind1=" " ind2="0">
      <subfield code="a">\=H GRAMMATICA HEBRAICA ABSOLVTISsima, Eliae Leuitae Germani: nuper per SEBASTIANVM ... 1525. (VD16 E 1001)</subfield>
    </datafield>
    <datafield tag="672" ind1=" " ind2="0">
      <subfield code="a">\=H GRAMMATICA HEBRAEA ELIAE LEVITAE Germàni, per Sebastianum Munsterum uersa &amp; iam ... 1537. (VD16 E 1002)</subfield>
    </datafield>
    <datafield tag="672" ind1=" " ind2="0">
      <subfield code="a">\=H COMPOSITA VERBORVM &amp; nominum Hebrai-corum. Opus uere insigne at\[que] utile: Hebraicae ... 1525. (VD16 E 1000)</subfield>
    </datafield>
    <datafield tag="672" ind1=" " ind2="0">
      <subfield code="a">\=H [Hrsg.v. Paul Fagius]. 1541. (VD16 E 1006)</subfield>
    </datafield>
    <datafield tag="672" ind1=" " ind2="0">
      <subfield code="a">Elijah ben Asher hal-Lēvī: . 1541. (VD16 ZV 20208)</subfield>
    </datafield>
    <datafield tag="672" ind1=" " ind2="0">
      <subfield code="a">Lexicon Chaldaicum. 1560/(1541). (VD16 E 1007)</subfield>
    </datafield>
    <datafield tag="672" ind1=" " ind2="0">
      <subfield code="a">\=H GRAMMATICA HEBRAEA ELIAE LEVITAE GERmáni, per Seb. Munsterum uersa, &amp; scholijs ... 1543. (VD16 E 1003)</subfield>
    </datafield>
    <datafield tag="672" ind1=" " ind2="0">
      <subfield code="a">\=H VOCABVLA HEBHAICA IRregalaria, quae uel ordlne uel coniugatione aut tempore componuntur, ... 1536. (VD16 E 1011)</subfield>
    </datafield>
    <datafield tag="672" ind1=" " ind2="0">
      <subfield code="a">Liber traditionum. 1539. (VD16 E 998)</subfield>
    </datafield>
    <datafield tag="672" ind1=" " ind2="0">
      <subfield code="a">Sefer ha-Tishbi le-Eliyahu ha-Tishbi shorashaṿ ke-minyan tishbi</subfield>
      <subfield code="f">1541</subfield>
    </datafield>
    <datafield tag="672" ind1=" " ind2="0">
      <subfield code="a">Grammatica Hebraica absolutissima Eliae Leuitae Germani</subfield>
      <subfield code="f">1525</subfield>
    </datafield>
    <datafield tag="672" ind1=" " ind2="0">
      <subfield code="a">Sefer thišbi le-elihu thišbi</subfield>
      <subfield code="f">1601</subfield>
    </datafield>
    <datafield tag="672" ind1=" " ind2="0">
      <subfield code="a">Grammatica Hebraea Eliae Levitae Germani</subfield>
      <subfield code="f">1552</subfield>
    </datafield>
    <datafield tag="672" ind1=" " ind2="0">
      <subfield code="a">Šěmǒt děvārîm</subfield>
      <subfield code="f">1988</subfield>
    </datafield>
    <datafield tag="672" ind1=" " ind2="0">
      <subfield code="a">Mětûrgmān</subfield>
      <subfield code="f">1541</subfield>
    </datafield>
    <datafield tag="672" ind1=" " ind2="0">
      <subfield code="a">Sēfer māsôret ham-māsôret</subfield>
      <subfield code="f">1538</subfield>
    </datafield>
    <datafield tag="672" ind1=" " ind2="0">
      <subfield code="a">Sēfer had-diqdûq</subfield>
      <subfield code="f">1537</subfield>
    </datafield>
    <datafield tag="672" ind1=" " ind2="0">
      <subfield code="a">Übersetzung des Buchs Massoreth Hammassoreth</subfield>
      <subfield code="f">1772</subfield>
    </datafield>
    <datafield tag="672" ind1=" " ind2="0">
      <subfield code="a">Composita verborum &amp; nominum Hebraicorum</subfield>
      <subfield code="f">1525</subfield>
    </datafield>
    <datafield tag="678" ind1=" " ind2=" ">
      <subfield code="b">Dt.-jüd. Philologe, Grammatiker, Lexikograph, Rabbi, Dichter</subfield>
    </datafield>
    <datafield tag="700" ind1="1" ind2="4">
      <subfield code="a">Levita, Elijah, 1468 or 1469-1549</subfield>
      <subfield code="d">1469-1549</subfield>
      <subfield code="0">n86807326</subfield>
    </datafield>
    <datafield tag="700" ind1="0" ind2="4">
      <subfield code="9">U:Hebr</subfield>
      <subfield code="a">אליהו בחור</subfield>
      <subfield code="d">1469-1549</subfield>
      <subfield code="5">CH-ZuZBF</subfield>
      <subfield code="9">v:Original</subfield>
    </datafield>
    <datafield tag="700" ind1="0" ind2="4">
      <subfield code="9">U:Hebr</subfield>
      <subfield code="a">אליה בחור</subfield>
      <subfield code="d">1469-1549</subfield>
    </datafield>
    <datafield tag="700" ind1="1" ind2="4">
      <subfield code="9">U:Hebr</subfield>
      <subfield code="a">אליהו, בן אשר אשכנזי</subfield>
      <subfield code="d">1469-1549</subfield>
    </datafield>
    <datafield tag="913" ind1=" " ind2=" ">
      <subfield code="S">pnd</subfield>
      <subfield code="i">5</subfield>
      <subfield code="a">Eliyahu Ba.hur</subfield>
      <subfield code="0">(DE-588a)11868194X</subfield>
    </datafield>
    <datafield tag="913" ind1=" " ind2=" ">
      <subfield code="S">pnd</subfield>
      <subfield code="i">5</subfield>
      <subfield code="a">Ēliyyāhû Bāḥûr</subfield>
      <subfield code="0">(DE-588a)161059287</subfield>
    </datafield>
    <datafield tag="913" ind1=" " ind2=" ">
      <subfield code="S">pnd</subfield>
      <subfield code="i">5</subfield>
      <subfield code="a">Ēliyyāhû Bāḥûr</subfield>
      <subfield code="0">(DE-588a)172061571</subfield>
    </datafield>
    <datafield tag="913" ind1=" " ind2=" ">
      <subfield code="S">pnd</subfield>
      <subfield code="i">5</subfield>
      <subfield code="a">Elias &lt;Levita&gt;</subfield>
      <subfield code="0">(DE-588a)174128983</subfield>
    </datafield>
    <datafield tag="913" ind1=" " ind2=" ">
      <subfield code="S">pnd</subfield>
      <subfield code="i">5</subfield>
      <subfield code="a">Elias &lt;Levita&gt;</subfield>
      <subfield code="0">(DE-588a)186511809</subfield>
    </datafield>
    <datafield tag="913" ind1=" " ind2=" ">
      <subfield code="S">pnd</subfield>
      <subfield code="i">a</subfield>
      <subfield code="a">Levita, Elia</subfield>
      <subfield code="0">(DE-588a)186623658</subfield>
    </datafield>
  </record>
